<record><leader>00000cas a22000007a 4500</leader><controlfield tag="001">1681204</controlfield><controlfield tag="008">751007d19101912mnuwr ne      0    0eng d</controlfield><datafield ind1=" " ind2=" " tag="010"><subfield code="a">sn 89064505 </subfield></datafield><datafield ind1=" " ind2=" " tag="040"><subfield code="a">MUL</subfield><subfield code="b">eng</subfield><subfield code="c">MUL</subfield><subfield code="d">MN#</subfield><subfield code="d">OCLCQ</subfield><subfield code="d">OCLCF</subfield><subfield code="d">OCLCO</subfield><subfield code="d">OCLCA</subfield></datafield><datafield ind1="1" ind2=" " tag="029"><subfield code="a">AU@</subfield><subfield code="b">000025858207</subfield></datafield><datafield ind1=" " ind2=" " tag="042"><subfield code="a">msc</subfield></datafield><datafield ind1=" " ind2=" " tag="043"><subfield code="a">n-us-mn</subfield></datafield><datafield ind1=" " ind2=" " tag="052"><subfield code="a">4144</subfield><subfield code="b">P25</subfield></datafield><datafield ind1=" " ind2=" " tag="052"><subfield code="a">4143</subfield><subfield code="b">S6</subfield></datafield><datafield ind1="0" ind2="0" tag="245"><subfield code="a">Paynesville leader-press.</subfield></datafield><datafield ind1="3" ind2="0" tag="246"><subfield code="a">Paynesville leader press</subfield></datafield><datafield ind1=" " ind2=" " tag="260"><subfield code="a">Paynesville, Stearns County, Minn. :</subfield><subfield code="b">C.W. Folsom,</subfield><subfield code="c">1910-1912.</subfield></datafield><datafield ind1=" " ind2=" " tag="300"><subfield code="a">4 v.</subfield></datafield><datafield ind1=" " ind2=" " tag="310"><subfield code="a">Weekly</subfield></datafield><datafield ind1="0" ind2=" " tag="362"><subfield code="a">Vol. 2, no. 46 (Mar. 3, 1910)-v. 5, no. 2 (Apr. 25, 1912).</subfield></datafield><datafield ind1=" " ind2=" " tag="530"><subfield code="a">Available on microfilm from the Minnesota Historical Society.</subfield></datafield><datafield ind1=" " ind2="0" tag="651"><subfield code="a">Paynesville (Minn.)</subfield><subfield code="v">Newspapers.</subfield></datafield><datafield ind1=" " ind2="7" tag="655"><subfield code="a">Newspapers.</subfield><subfield code="2">fast</subfield><subfield code="0">(OCoLC)fst01423814</subfield></datafield><datafield ind1=" " ind2="7" tag="651"><subfield code="a">Minnesota</subfield><subfield code="z">Paynesville.</subfield><subfield code="2">fast</subfield><subfield code="0">(OCoLC)fst01223091</subfield></datafield><datafield ind1=" " ind2=" " tag="752"><subfield code="a">United States</subfield><subfield code="b">Minnesota</subfield><subfield code="c">Stearns</subfield><subfield code="d">Paynesville.</subfield></datafield><datafield ind1="0" ind2="4" tag="780"><subfield code="t">Paynesville press (New Paynesville, Minn. : 1904)</subfield><subfield code="w">(DLC)sn 89064533</subfield></datafield><datafield ind1="0" ind2="4" tag="780"><subfield code="t">Paynesville leader</subfield><subfield code="w">(DLC)sn 89064457</subfield></datafield><datafield ind1="0" ind2="0" tag="785"><subfield code="t">Paynesville press (Paynesville, Minn. : 1912)</subfield><subfield code="w">(DLC)sn 89064506</subfield></datafield></record>